@article{Baxter2016,
  doi = {10.1186/s13073-016-0290-3},
  url = {https://doi.org/10.1186/s13073-016-0290-3},
  year  = {2016},
  month = {apr},
  publisher = {Springer Nature},
  volume = {8},
  number = {1},
  author = {Nielson T. Baxter and Mack T. Ruffin and Mary A. M. Rogers and Patrick D. Schloss},
  title = {Microbiota-based model improves the sensitivity of fecal immunochemical test for detecting colonic lesions},
  journal = {Genome Medicine}
}

@article{Kozich2013,
  title="{Development of a dual-index sequencing strategy and curation pipeline for analyzing amplicon sequence data on the MiSeq Illumina sequencing platform}",
  author={Kozich, James J and Westcott, Sarah L and Baxter, Nielson T and Highlander, Sarah K and Schloss, Patrick D},
  journal={Applied and environmental microbiology},
  volume={79},
  number={17},
  pages={5112--5120},
  year={2013},
  publisher={Am Soc Microbiol}
}

@article{Morris2013,
  doi = {10.1164/rccm.201210-1913oc},
  url = {https://doi.org/10.1164/rccm.201210-1913oc},
  year = {2013},
  month = may,
  publisher = {American Thoracic Society},
  volume = {187},
  number = {10},
  pages = {1067--1075},
  author = {Alison Morris and James M. Beck and Patrick D. Schloss and Thomas B. Campbell and Kristina Crothers and Jeffrey L. Curtis and Sonia C. Flores and Andrew P. Fontenot and Elodie Ghedin and Laurence Huang and Kathleen Jablonski and Eric Kleerup and Susan V. Lynch and Erica Sodergren and Homer Twigg and Vincent B. Young and Christine M. Bassis and Arvind Venkataraman and Thomas M. Schmidt and George M. Weinstock},
  title = {Comparison of the Respiratory Microbiome in Healthy Nonsmokers and Smokers},
  journal = {American Journal of Respiratory and Critical Care Medicine}
}

@article{Schloss2009,
  doi = {10.1128/aem.01541-09},
  url = {http://dx.doi.org/10.1128/AEM.01541-09},
  year  = {2009},
  month = {oct},
  publisher = {American Society for Microbiology},
  volume = {75},
  number = {23},
  pages = {7537--7541},
  author = {P. D. Schloss and S. L. Westcott and T. Ryabin and J. R. Hall and M. Hartmann and E. B. Hollister and R. A. Lesniewski and B. B. Oakley and D. H. Parks and C. J. Robinson and J. W. Sahl and B. Stres and G. G. Thallinger and D. J. Van Horn and C. F. Weber},
  title = {Introducing mothur: Open-Source,  Platform-Independent,  Community-Supported Software for Describing and Comparing Microbial Communities},
  journal = {Applied and Environmental Microbiology}
}
